@report{pirsa,
  title = {Fifty years of fruit fly eradication in South Australia: 1947–1997},
  publisher = {Department of Primary Industries and Regions},
  address = {South Australia},
  year = {2017},
  url = {https://www.pir.sa.gov.au/aghistory/department_of_agriculture_programs/pest_and_disease_programs/eradication_programs/fruit_fly_booklet},
  accessed = {9/04/2022}
}

@report{cobram,
  title = {Cobram and District Queensland Fruit Fly Outbreak Action Plan},
  author = {Jessup, A},
  publisher = {Cobram & District Fruit Growers Association},
  address = {Victoria},
  year = {2017},
  url = {http://www.cdfga.com.au/uploads/7/3/3/1/73315223/queensland_fruit_fly_outbreak_action_plan.pdf},
  accessed = {9/04/2022}
}

@article{sciarretta2018analysis,
  title={Analysis of the Mediterranean fruit fly [Ceratitis capitata (Wiedemann)] spatio-temporal distribution in relation to sex and female mating status for precision IPM},
  author={Sciarretta, Andrea and Tabilio, Maria Rosaria and Lampazzi, Elena and Ceccaroli, Claudio and Colacci, Marco and Trematerra, Pasquale},
  journal={PloS one},
  volume={13},
  number={4},
  pages={e0195097},
  year={2018},
  publisher={Public Library of Science San Francisco, CA USA}
}

@report{abaresbca,
  title = {Benefit–cost analysis of the National Fruit Fly Strategy Action Plan},
  author = {Abdalla, Ali and Millist, Nicola and Buetre, Benjamin and Bowen, Bruce},
  publisher = {Australian Bureau of Agricultural and Resource Economics and Sciences (ABARES), Department of Agriculture, Fisheries and Forestry},
  year = {2012},
  url = {https://www.planthealthaustralia.com.au/wp-content/uploads/2012/12/BCA-Fruit-Fly-Strategy-Action-Plan.pdf},
  accessed = {9/04/2022}
}

@article{richardson1997bayesian,
  title={On Bayesian analysis of mixtures with an unknown number of components (with discussion)},
  author={Richardson, Sylvia and Green, Peter J},
  journal={Journal of the Royal Statistical Society: series B (statistical methodology)},
  volume={59},
  number={4},
  pages={731--792},
  year={1997},
  publisher={Wiley Online Library}
}

@article{green1995,
  title={Reversible jump Markov chain Monte Carlo computation and Bayesian model determination},
  author={Green, Peter J},
  journal={Biometrika},
  volume={82},
  number={4},
  pages={711--732},
  year={1995},
  publisher={Oxford University Press}
}

@article{barnes2021,
  title={Inferring species absence from zero-sighting records using analytical Bayesian models with population growth},
  author={Barnes, Belinda and Giannini, Fiona and Parsa, Mahdi and Ramsey, David},
  journal={Methods in Ecology and Evolution},
  volume={12},
  number={11},
  pages={2208--2220},
  year={2021},
  publisher={Wiley Online Library}
}

@article{barnes2022,
  title={Analytical Bayesian models to quantify pest eradication success or species absence using zero-sighting records},
  author={Barnes, B and Parsa, M and Giannini, F and Ramsey, D},
  journal={Theoretical population biology},
  volume={144},
  pages={70--80},
  year={2022},
  publisher={Elsevier}
}

@article{marin2012,
  title={Approximate Bayesian computational methods},
  author={Marin, Jean-Michel and Pudlo, Pierre and Robert, Christian P and Ryder, Robin J},
  journal={Statistics and Computing},
  volume={22},
  number={6},
  pages={1167--1180},
  year={2012},
  publisher={Springer}
}

@article{reed1996,
  title={Using statistical probability to increase confidence of inferring species extinction},
  author={Reed, J Michael},
  journal={Conservation biology},
  volume={10},
  number={4},
  pages={1283--1285},
  year={1996},
  publisher={JSTOR}
}

@article{kery2002,
  title={Inferring the absence of a species: a case study of snakes},
  author={Kery, Marc},
  journal={The Journal of wildlife management},
  pages={330--338},
  year={2002},
  publisher={JSTOR}
}

@article{mcardle1990,
  title={When are rare species not there?.},
  author={McArdle, Brian H},
  journal={Oikos},
  volume={57},
  number={2},
  pages={276--277},
  year={1990}
}

@article{caleybarry2014,
  title={Quantifying extinction probabilities from sighting records: inference and uncertainties},
  author={Caley, Peter and Barry, Simon C},
  journal={PLoS One},
  volume={9},
  number={4},
  pages={e95857},
  year={2014},
  publisher={Public Library of Science San Francisco, USA}
}

@article{boakes2015,
  title={Inferring species extinction: the use of sighting records},
  author={Boakes, Elizabeth H and Rout, Tracy M and Collen, Ben},
  journal={Methods in Ecology and Evolution},
  volume={6},
  number={6},
  pages={678--687},
  year={2015},
  publisher={Wiley Online Library}
}

@article{caley2015,
  title={Inferring the distribution and demography of an invasive species from sighting data: the red fox incursion into Tasmania},
  author={Caley, Peter and Ramsey, David SL and Barry, Simon C},
  journal={PLoS One},
  volume={10},
  number={1},
  pages={e0116631},
  year={2015},
  publisher={Public Library of Science San Francisco, CA USA}
}

@article{keith2013,
  title={Agent-based Bayesian approach to monitoring the progress of invasive species eradication programs},
  author={Keith, Jonathan M and Spring, Daniel},
  journal={Proceedings of the National Academy of Sciences},
  volume={110},
  number={33},
  pages={13428--13433},
  year={2013},
  publisher={National Acad Sciences}
}